@article {LaBellae2014,
	author = {LaBella, Cynthia R. and Hennrikus, William and Hewett, Timothy E. and ,},
	title = {Anterior Cruciate Ligament Injuries: Diagnosis, Treatment, and Prevention},
	volume = {133},
	number = {5},
	pages = {e1437--e1450},
	year = {2014},
	doi = {10.1542/peds.2014-0623},
	publisher = {American Academy of Pediatrics},
	issn = {0031-4005},
	journal = {Pediatrics}
}
